@article{763884/9KE9SA9C,
  author = {Cranshaw, J. and Kittur, A.}, 
  title = {The polymath project: Lessons from a successful online collaboration in mathematics}, 
  year = {2011}, 
  journal = {Conf Hum Fact Comput Syst Proc Conference on Human Factors in Computing Systems - Proceedings}, 
  pages = {1865--1874}, 
}

@article{763884/TVHHE2TD,
  author = {Gowers, Timothy and Nielsen, Michael}, 
  title = {Massively collaborative mathematics}, 
  year = {2009}, 
  journal = {Nature}, 
  pages = {879--881}, 
  volume = {461}, 
  issue = {7266}, 
  doi = {10.1038/461879a}, 
}

@article{763884/BQAZU5GI,
  author = {Barany, Michael J.}, 
  title = {[B] ut this is blog maths and we're free to make up conventions as we go along}, 
  year = {2010}, 
  journal = {Proceedings of the 6th International Sym-posium on Wikis and Open Collaboration}, 
}

@article{763884/WXE3J6GJ,
  author = {Van Bendegem, Jean Paul}, 
  title = {Mathematics and the new technologies, part III: The cloud and the web of proofs}, 
  year = {2014}, 
  journal = {Logic, Methodology and Philosophy of Science. Proceedings of the 14th International Congress (Nancy). Logic and Science Facing the New Technologies}, 
  pages = {427--439}, 
}

@article{763884/HM3CT69N,
  author = {Varshney, Lav R.}, 
  title = {eprint arXiv:1204.3534}, 
  year = {2012}, 
}

@article{763884/RXTHUZGM,
  author = {Pease, Alison and Martin, Ursula}, 
  title = {Seventy four minutes of mathematics: An analysis of the third Mini-Polymath project}, 
  year = {2012}, 
  journal = {Proc. AISB Symp. on Mathematical Practice and Cognition II}, 
  pages = {19--29}, 
}

@article{763884/ICNJ8I5P,
  author = {Stefaneas, Petros and Vandoulakis, Ioannis M.}, 
  title = {The Web as A Tool For Proving}, 
  year = {2012}, 
  journal = {Metaphilosophy}, 
  pages = {480--498}, 
  volume = {43}, 
  issue = {4}, 
  doi = {10.1111/j.1467-9973.2012.01758.x}, 
}

@article{763884/BBVPZ6NT,
  author = {Sarvate, Dinesh and Wetzel, Susanne and Patterson, Wayne}, 
  title = {Analyzing Massively Collaborative Mathematics Projects}, 
  year = {2011}, 
  journal = {The Mathematical Intelligencer}, 
  pages = {9–18}, 
  volume = {33}, 
  issue = {1}, 
  doi = {10.1007/s00283-010-9186-z}, 
  url = {http://dx.doi.org/10.1007/s00283-010-9186-z}, 
}

@article{763884/QSM6KVB6,
  author = {Gowers, W. T.}, 
  title = {Polymath and The Density Hales-Jewett Theorem}, 
  year = {2010}, 
  journal = {An Irregular Mind}, 
  pages = {659--687}, 
}

